%% This BibTeX bibliography file was created using BibDesk.
%% http://bibdesk.sourceforge.net/

%% Created for Michael Gerard at 2017-05-17 17:17:31 -0600 


%% Saved with string encoding Unicode (UTF-8) 



@article{tikoo2012magnetic,
	Author = {Tikoo, Sonia M and Weiss, Benjamin P and Buz, Jennifer and Lima, Eduardo A and Shea, Erin K and Melo, Gabriela and Grove, Timothy L},
	Date-Added = {2017-05-17 18:49:34 +0000},
	Date-Modified = {2017-05-17 18:49:34 +0000},
	Journal = {Earth and Planetary Science Letters},
	Pages = {93--103},
	Publisher = {Elsevier},
	Title = {Magnetic fidelity of lunar samples and implications for an ancient core dynamo},
	Volume = {337},
	Year = {2012}}

@article{yamada1999simulation,
	Author = {Yamada, Maho and Sasaki, Sho and Nagahara, Hiroko and Fujiwara, Akira and Hasegawa, Sunao and Yano, Hajime and Hiroi, Takahiro and Ohashi, Hideo and Otake, Hisashi},
	Date-Added = {2017-03-07 21:21:28 +0000},
	Date-Modified = {2017-03-07 21:21:28 +0000},
	Journal = {Earth, planets and space},
	Number = {11},
	Pages = {1255--1265},
	Publisher = {The Seismological Society of Japan, Society of Geomagnetism and Earth, Planetary and Space Sciences, The Volcanological Society of Japan, The Geodetic Society of Japan, The Japanese Society for Planetary Sciences},
	Title = {Simulation of space weathering of planet-forming materials: Nanosecond pulse laser irradiation and proton implantation on olivine and pyroxene samples},
	Volume = {51},
	Year = {1999}}

@article{moroz1996optical,
	Author = {Moroz, LV and Fisenko, AV and Semjonova, LF and Pieters, CM and Korotaeva, NN},
	Date-Added = {2017-03-07 21:13:21 +0000},
	Date-Modified = {2017-03-07 21:13:21 +0000},
	Journal = {Icarus},
	Number = {2},
	Pages = {366--382},
	Publisher = {Elsevier},
	Title = {Optical effects of regolith processes on S-asteroids as simulated by laser shots on ordinary chondrite and other mafic materials},
	Volume = {122},
	Year = {1996}}

@article{clark1992meteorite,
	Author = {Clark, Beth E and Fanale, Fraser P and Salisbury, John W},
	Date-Added = {2017-03-07 20:55:18 +0000},
	Date-Modified = {2017-03-07 20:55:18 +0000},
	Journal = {Icarus},
	Number = {2},
	Pages = {288--297},
	Publisher = {Elsevier},
	Title = {Meteorite-asteroid spectral comparison: The effects of comminution, melting, and recrystallization},
	Volume = {97},
	Year = {1992}}

@inproceedings{schultz1980cometary,
	Author = {Schultz, Peter H and Srnka, Leonard J and Pai, SI and Menon, S},
	Booktitle = {Lunar and Planetary Science Conference},
	Date-Added = {2017-03-07 19:44:47 +0000},
	Date-Modified = {2017-03-07 19:44:47 +0000},
	Pages = {1009--1011},
	Title = {Cometary collisions on the Moon and Mercury},
	Volume = {11},
	Year = {1980}}

@article{sasaki2001production,
	Author = {Sasaki, Sho and Nakamura, Keiko and Hamabe, Yoshimi and Kurahashi, Erika and Hiroi, Takahiro},
	Date-Added = {2017-03-07 19:31:07 +0000},
	Date-Modified = {2017-03-07 19:31:07 +0000},
	Journal = {Nature},
	Number = {6828},
	Pages = {555--557},
	Publisher = {Nature Publishing Group},
	Title = {Production of iron nanoparticles by laser irradiation in a simulation of lunar-like space weathering},
	Volume = {410},
	Year = {2001}}

@article{brunetto2006space,
	Author = {Brunetto, R and Romano, F and Blanco, A and Fonti, S and Martino, M and Orofino, V and Verrienti, C},
	Date-Added = {2017-03-07 19:23:42 +0000},
	Date-Modified = {2017-03-07 19:23:42 +0000},
	Journal = {Icarus},
	Number = {2},
	Pages = {546--554},
	Publisher = {Elsevier},
	Title = {Space weathering of silicates simulated by nanosecond pulse UV excimer laser},
	Volume = {180},
	Year = {2006}}

@article{lucey2006understanding,
	Author = {Lucey, Paul and Korotev, Randy L and Gillis, Jeffrey J and Taylor, Larry A and Lawrence, David and Campbell, Bruce A and Elphic, Rick and Feldman, Bill and Hood, Lon L and Hunten, Donald and others},
	Date-Added = {2017-03-05 01:49:17 +0000},
	Date-Modified = {2017-03-05 01:49:17 +0000},
	Journal = {Reviews in Mineralogy and Geochemistry},
	Number = {1},
	Pages = {83--219},
	Publisher = {Mineral Soc America},
	Title = {Understanding the lunar surface and space-moon interactions},
	Volume = {60},
	Year = {2006}}

@article{strangway1970magnetic,
	Author = {Strangway, DW and Larson, EE and Pearce, GW},
	Date-Added = {2017-03-05 01:48:46 +0000},
	Date-Modified = {2017-03-05 01:48:46 +0000},
	Journal = {Geochimica et Cosmochimica Acta Supplement},
	Pages = {2435},
	Title = {Magnetic studies of lunar samples-breccia and fines},
	Volume = {1},
	Year = {1970}}

@article{hapke2001space,
	Author = {Hapke, Bruce},
	Date-Added = {2017-03-04 23:10:11 +0000},
	Date-Modified = {2017-03-04 23:10:11 +0000},
	Journal = {Journal of Geophysical Research: Planets},
	Number = {E5},
	Pages = {10039--10073},
	Publisher = {Wiley Online Library},
	Title = {Space weathering from Mercury to the asteroid belt},
	Volume = {106},
	Year = {2001}}

@article{hapke1973darkening,
	Author = {Hapke, Bruce},
	Date-Added = {2017-03-04 21:17:20 +0000},
	Date-Modified = {2017-03-04 21:17:20 +0000},
	Journal = {The Moon},
	Number = {3-4},
	Pages = {342--355},
	Publisher = {Springer},
	Title = {Darkening of silicate rock powders by solar wind sputtering},
	Volume = {7},
	Year = {1973}}

@article{denevi2014characterization,
	Author = {Denevi, Brett W and Robinson, Mark S and Boyd, Aaron K and Sato, Hiroyuki and Hapke, Bruce W and Hawke, B},
	Date-Added = {2017-03-04 21:00:08 +0000},
	Date-Modified = {2017-03-04 21:00:08 +0000},
	Journal = {Journal of Geophysical Research: Planets},
	Number = {5},
	Pages = {976--997},
	Publisher = {Wiley Online Library},
	Title = {Characterization of space weathering from Lunar Reconnaissance Orbiter Camera ultraviolet observations of the Moon},
	Volume = {119},
	Year = {2014}}

@article{kreslavsky2000photometric,
	Author = {Kreslavsky, MA and Shkuratov, Yu G and Velikodsky, Yu I and Kaydash, VG and Stankevich, DG and Pieters, CM},
	Date-Added = {2017-02-18 00:34:44 +0000},
	Date-Modified = {2017-02-18 00:34:44 +0000},
	Journal = {Journal of Geophysical Research: Planets},
	Number = {E8},
	Pages = {20281--20295},
	Publisher = {Wiley Online Library},
	Title = {Photometric properties of the lunar surface derived from Clementine observations},
	Volume = {105},
	Year = {2000}}

@article{kurata2005mini,
	Author = {Kurata, M and Tsunakawa, H and Saito, Y and Shibuya, Hidetoshi and Matsushima, M and Shimizu, H},
	Date-Added = {2017-01-09 19:14:49 +0000},
	Date-Modified = {2017-01-09 19:14:49 +0000},
	Journal = {Geophysical research letters},
	Number = {24},
	Publisher = {Wiley Online Library},
	Title = {Mini-magnetosphere over the Reiner Gamma magnetic anomaly region on the Moon},
	Volume = {32},
	Year = {2005}}

@article{tsay1971ferromagnetic,
	Author = {Tsay, Fun-Dow and Chan, Sunney I and Manatt, Stanley L},
	Date-Added = {2017-01-05 01:47:25 +0000},
	Date-Modified = {2017-01-05 01:47:25 +0000},
	Journal = {Geochimica et Cosmochimica Acta},
	Number = {9},
	Pages = {865--875},
	Publisher = {Elsevier},
	Title = {Ferromagnetic resonance of lunar samples},
	Volume = {35},
	Year = {1971}}

@article{pinet2000local,
	Author = {Pinet, Patrick C and Shevchenko, Vladislav V and Chevrel, Serge D and Daydou, Yves and Rosemberg, Christine},
	Date-Added = {2016-12-20 22:38:03 +0000},
	Date-Modified = {2016-12-20 22:38:03 +0000},
	Journal = {Journal of Geophysical Research: Planets},
	Number = {E4},
	Pages = {9457--9475},
	Publisher = {Wiley Online Library},
	Title = {Local and regional lunar regolith characteristics at Reiner Gamma Formation: Optical and spectroscopic properties from Clementine and Earth-based data},
	Volume = {105},
	Year = {2000}}

@article{abbas2007lunar,
	Author = {Abbas, MM and Tankosic, D and Craven, PD and Spann, JF and LeClair, A and West, EA},
	Date-Added = {2016-12-10 00:34:14 +0000},
	Date-Modified = {2016-12-10 00:34:14 +0000},
	Journal = {Planetary and Space Science},
	Number = {7},
	Pages = {953--965},
	Publisher = {Elsevier},
	Title = {Lunar dust charging by photoelectric emissions},
	Volume = {55},
	Year = {2007}}

@article{kaydash2009photometric,
	Author = {Kaydash, V and Kreslavsky, M and Shkuratov, Yu and Gerasimenko, S and Pinet, P and Josset, J-L and Beauvivre, S and Foing, B and others},
	Date-Added = {2016-10-25 20:00:44 +0000},
	Date-Modified = {2016-10-25 20:00:44 +0000},
	Journal = {Icarus},
	Number = {2},
	Pages = {393--413},
	Publisher = {Elsevier},
	Title = {Photometric anomalies of the lunar surface studied with SMART-1 AMIE data},
	Volume = {202},
	Year = {2009}}

@article{blewett2011lunar,
	Author = {Blewett, David T and Coman, Ecaterina I and Hawke, B and Gillis-Davis, Jeffrey J and Purucker, Michael E and Hughes, Christopher G},
	Date-Added = {2016-10-16 00:41:09 +0000},
	Date-Modified = {2016-10-16 00:41:09 +0000},
	Journal = {Journal of Geophysical Research: Planets},
	Number = {E2},
	Publisher = {Wiley Online Library},
	Title = {Lunar swirls: Examining crustal magnetic anomalies and space weathering trends},
	Volume = {116},
	Year = {2011}}

@inproceedings{hood1989lunar,
	Author = {Hood, LL and Williams, CR},
	Booktitle = {Lunar and Planetary Science Conference Proceedings},
	Date-Added = {2016-10-15 22:48:29 +0000},
	Date-Modified = {2016-10-15 22:48:29 +0000},
	Pages = {99--113},
	Title = {The lunar swirls-Distribution and possible origins},
	Volume = {19},
	Year = {1989}}

@article{dynamo2014lunar,
	Author = {Hood, Lon L.},
	Date-Added = {2016-10-11 20:54:11 +0000},
	Date-Modified = {2016-10-18 20:00:00 +0000},
	Publisher = {Springer},
	Title = {Lunar Magnetic Anomalies},
	Year = {2014}}

@book{heiken1991lunar,
	Author = {Heiken, Grant and Vaniman, David and French, Bevan M},
	Date-Added = {2016-10-11 19:41:44 +0000},
	Date-Modified = {2016-10-11 19:41:44 +0000},
	Publisher = {CUP Archive},
	Title = {Lunar sourcebook: A user's guide to the Moon},
	Year = {1991}}

@article{hemingway2012magnetic,
	Author = {Hemingway, Doug and Garrick-Bethell, Ian},
	Date-Added = {2016-10-11 19:41:03 +0000},
	Date-Modified = {2016-10-11 19:41:03 +0000},
	Journal = {Journal of Geophysical Research: Planets},
	Number = {E10},
	Publisher = {Wiley Online Library},
	Title = {Magnetic field direction and lunar swirl morphology: Insights from Airy and Reiner Gamma},
	Volume = {117},
	Year = {2012}}

@article{glotch2015formation,
	Author = {Glotch, Timothy D and Bandfield, Joshua L and Lucey, Paul G and Hayne, Paul O and Greenhagen, Benjamin T and Arnold, Jessica A and Ghent, Rebecca R and Paige, David A},
	Date-Added = {2016-10-11 19:40:31 +0000},
	Date-Modified = {2016-10-11 19:40:31 +0000},
	Journal = {Nature communications},
	Publisher = {Nature Publishing Group},
	Title = {Formation of lunar swirls by magnetic field standoff of the solar wind},
	Volume = {6},
	Year = {2015}}

@article{garrick2011spectral,
	Author = {Garrick-Bethell, Ian and Head, James W and Pieters, Carle M},
	Date-Added = {2016-10-11 19:40:01 +0000},
	Date-Modified = {2016-10-11 19:40:01 +0000},
	Journal = {Icarus},
	Number = {2},
	Pages = {480--492},
	Publisher = {Elsevier},
	Title = {Spectral properties, magnetic fields, and dust transport at lunar swirls},
	Volume = {212},
	Year = {2011}}

@article{denevi2016distribution,
	Author = {Denevi, Brett W and Robinson, Mark S and Boyd, Aaron K and Blewett, David T and Klima, Rachel L},
	Date-Added = {2016-10-11 19:39:15 +0000},
	Date-Modified = {2016-10-11 19:39:15 +0000},
	Journal = {Icarus},
	Pages = {53--67},
	Publisher = {Elsevier},
	Title = {The distribution and extent of lunar swirls},
	Volume = {273},
	Year = {2016}}

@article{deca2015general,
	Author = {Deca, Jan and Divin, Andrey and Lemb{\`e}ge, Bertrand and Hor{\'a}nyi, Mih{\'a}ly and Markidis, Stefano and Lapenta, Giovanni},
	Date-Added = {2016-10-11 19:38:39 +0000},
	Date-Modified = {2016-10-11 19:38:39 +0000},
	Journal = {Journal of Geophysical Research: Space Physics},
	Number = {8},
	Pages = {6443--6463},
	Publisher = {Wiley Online Library},
	Title = {General mechanism and dynamics of the solar wind interaction with lunar magnetic anomalies from 3-D particle-in-cell simulations},
	Volume = {120},
	Year = {2015}}
